@Misc	{hid-sp18-414-www-tkInter, 
	author		= "Salnikov, Andy",
	title		= "TkInter - Python Wiki", 
	howpublished = "www",
    month        = "nov",
    year         = "2018",
    owner       = "hid-sp18-414",	
	url			= "https://wiki.python.org/moin/TkInter",
}

@Misc	{hid-sp18-414-www-Pillow, 
	author		= "Clark, Alex",
	title		= "Overview - Python Imaging Library", 
	howpublished = "www",
    month        = "nov",
    year         = "2018",
    owner       = "hid-sp18-414",	
	url			= "https://pillow.readthedocs.io/en/5.3.x/handbook/overview.html",
}

@Misc	{hid-sp18-414-www-OpenCV, 
	author		= "OpenCV team",
	title		= "OpenCV library", 
	howpublished = "www",
    month        = "nov",
    year         = "2018",
    owner       = "hid-sp18-414",	
	url			= "https://opencv.org/",
}

@Misc	{hid-sp18-414-www-NumPy, 
	author		= "Numpy team",
	title		= "NumPy", 
	howpublished = "www",
    month        = "nov",
    year         = "2018",
    owner       = "hid-sp18-414",	
	url			= "http://www.numpy.org/",
}

@Misc	{hid-sp18-414-www-fuzzywuzzy, 
	author		= "Jose Gonzalez",
	title		= "Fuzzywuzzy", 
	howpublished = "www",
    month        = "nov",
    year         = "2018",
    owner       = "hid-sp18-414",	
	url			= "https://github.com/seatgeek/fuzzywuzzy",
}


@Misc	{hid-sp18-414-www-beautifulsoup, 
	author		= "Leonard Richardson",
	title		= "Beautiful Soup - Product Description", 
	howpublished = "www",
    month        = "nov",
    year         = "2018",
    owner       = "hid-sp18-414",	
	url			= "https://pypi.org/project/beautifulsoup4/",
}


@Misc	{hid-sp18-414-www-pytesseract, 
	author		= "Matthias Lee",
	title		= "Pytesseract - Product Description", 
	howpublished = "www",
    month        = "nov",
    year         = "2018",
    owner       = "hid-sp18-414",	
	url			= "https://pypi.org/project/pytesseract/",
}

@Article	{hid-sp18-414-www-charrecognition, 
	author		= "Poovizhi P",
	title		= "A Study on Preprocessing Techniques for the Character Recognition", 
	howpublished = "www",
    month        = "nov",
    year         = "2018",
    owner       = "hid-sp18-414",	
	url			= "https://pdfs.semanticscholar.org2831/35b2ff5dc1510246ff2f0d3989179738d8f6.pdf",
}

@Misc	{hid-sp18-414-www-ecmandbigdata, 
	author		= " Viala, S",
	title		= " ECM and Big Data, Better Together ", 
    year         = "2014",
    owner       = "hid-sp18-414",	
	url			= "http://www.revasolutions.com/ecm-and-big-data-better-together/ ",
}

@Misc	{hid-sp18-414-www-imagethresholding, 
	author		= "Adrian Rosebrock",
	title		= "Using Tesseract OCR with Python", 
	howpublished = "www",
    month        = "nov",
    year         = "2018",
    owner       = "hid-sp18-414",	
	url			= "https://www.pyimagesearch.com/2017/07/10/using-tesseract-ocr-python/",
}
@Misc	{hid-sp18-414-www-eikvilocr, 
	author		= "Line Eikvil",
	title		= "OCR - Optical Character Recognition", 
    year         = "1993",
    owner       = "hid-sp18-414",	
	url			= "https://pdfs.semanticscholar.org/9484/96f9d73cab9c7b4fd5c3b656d1e5b1dc50d3.pdf",
}
