@Misc{www-fa18-523-88-openstack-sahara,
  title        = {OpenStack Documentation: Sahara},
  howpublished = {Web page},
  month        = {Oct},
  year         = {2018},
  note         = {Online; accessed 30-Oct-2018},
  url          = {https://docs.openstack.org/sahara/ocata/overview.html},
}

@Book{www-fa18-523-88-openstack-sahara-essentials,
  title        = {Openstack sahara essentials},
  publisher    = {Packt Publishing Limited},
  year         = {2016},
  author       = {Khedher, Omar}
  note         = {Online; accessed 30-Oct-2018},
  url          = {https://books.google.com/books?id=_d3JDAAAQBAJ&printsec=frontcover#v=onepage&q&f=false},
}
