@Misc	{fa18-523-88-www-imagethresholding, 
	author		= "Adrian Rosebrock",
	title		= "Using Tesseract OCR with Python", 
	howpublished 	= "www",
    	owner       	= "hid-fa18-523-88",	
	url		= "https://www.pyimagesearch.com/2017/07/10/using-tesseract-ocr-python/",
}

@Article{fa18-523-88-www-charrecognition, 
	author		= "Poovizhi P",
	title		= "A Study on Preprocessing Techniques for the Character Recognition", 
	howpublished 	= "www",
    	month        	= "nov",
    	year         	= "2018",
    	owner       	= "fa18-523-88",	
	url		= "https://pdfs.semanticscholar.org/2831/35b2ff5dc1510246ff2f0d3989179738d8f6.pdf",
}

@Article{fa18-523-88-www-featureextraction, 
	author		= "Sharma, Dharam Veer and Jhajj, Puneet",
	title		= "Comparison of Feature Extraction Methods for Recognition of Isolated Handwritten Characters in Gurmukhi Script",
	journal		= "Information Systems for Indian Languages Communications in Computer and Information Science",
	pages		= "110â€“116",
    	year        	= "2011",
    	owner       	= "hid-fa18-523-88",	
	url		= "http://www.ijera.com/papers/Vol 1 issue 4/BQ01417361739.pdf",
}

@Misc	{fa18-523-88-www-eikvilocr, 
	author		= "Line Eikvil",
	title		= "OCR - Optical Character Recognition", 
    	year         	= "1993",
    	owner       	= "hid-fa18-523-88",	
	url		= "https://pdfs.semanticscholar.org/9484/96f9d73cab9c7b4fd5c3b656d1e5b1dc50d3.pdf",
}
